@Article{baker:2000,
	author = "David Baker",
	title = "A surprising simplicity to  protein folding",
	journal = "Nature",
	volume = "405",
	year = "2000",
	pages = "39--42",
}

@article{custodio2014multiple,
	title={A multiple minima genetic algorithm for protein structure prediction},
	author={Cust{\'o}dio, F{\'a}bio Lima and Barbosa, Helio JC and Dardenne, Laurent Emmanuel},
	journal={Applied Soft Computing},
	volume={15},
	pages={88--99},
	year={2014},
	publisher={Elsevier}
}

@article{deb2002fast,
	title={A fast and elitist multiobjective genetic algorithm: NSGA-II},
	author={Deb, Kalyanmoy and Pratap, Amrit and Agarwal, Sameer and Meyarivan, TAMT},
	journal={Evolutionary Computation, IEEE Transactions on},
	volume={6},
	number={2},
	pages={182--197},
	year={2002},
	publisher={IEEE}
}

@article{figueiredo2013algoritmo,
	title={Algoritmo Baseado em Enxame de Part{\'\i}culas para Otimiza{\c{c}}{\~a}o de Problemas com Muitos Objetivos},
	author={Figueiredo, Elliackin Messias do Nascimento and Ludermir, Teresa Bernarda Orientadora and Bastos Filho, Carmelo Jos{\'e} Albanez Coorientador},
	year={2013},
	journal={},
	publisher={Universidade Federal de Pernambuco}
}

@inproceedings{fonseca2005tutorial,
	title={A tutorial on the performance assessment of stochastic multiobjective optimizers},
	author={Fonseca, Carlos M and Knowles, Joshua D and Thiele, Lothar and Zitzler, Eckart},
	booktitle={Third International Conference on Evolutionary Multi-Criterion Optimization (EMO 2005)},
	volume={216},
	pages={240},
	year={2005}
}

@article{gabriel2012algoritmos,
	title={Algoritmos evolutivos e modelo HP para predi{\c{c}}{\~a}o de estruturas de prote{\'\i}nas},
	author={Gabriel, Paulo HR and de Melo, Vin{\'\i}cius V and Delbem, Alexandre CB},
	journal={Revista de Controle e Automa{\c{c}}{\~a}o},
	volume={23},
	number={1},
	pages={25--37},
	year={2012},
	publisher={SciELO Brasil}
}

@inproceedings{ishibuchi2008evolutionary,
	title={Evolutionary many-objective optimization},
	author={Ishibuchi, Hisao and Tsukamoto, Noritaka and Nojima, Yusuke},
	booktitle={Genetic and Evolving Systems, 2008. GEFS 2008. 3rd International Workshop on},
	pages={47--52},
	year={2008},
	organization={IEEE}
}

@inproceedings{jMetal,
	Address = {Barcelona, Spain},
	Author = { J.J. Durillo and A.J. Nebro and E. Alba  },
	Booktitle = {CEC 2010},
	Month = {July},
	Pages = {4138-4325},
	OPTPublisher = {Springer Berlin / Heidelberg},
	OPTSeries = {Lecture Notes in Computer Science},
	Title = {The jMetal Framework for Multi-Objective Optimization: Design and Architecture},
	OPTVolume = {5467},
	Year = {2010}
}

@article{lin2011protein,
	title={Protein 3 D HP Model Folding Simulation Using a Hybrid of Genetic Algorithm and Particle Swarm Optimization},
	author={Lin, Cheng-Jian and Su, Shih-Chieh},
	journal={International Journal of Fuzzy Systems},
	volume={13},
	number={2},
	pages={140--147},
	year={2011},
	publisher={Chinese Fuzzy Systems Association, Department of Mechanical Engineering Taipei Taiwan 10674 China}
}

@article{pacheco1999algoritmos,
	title={Algoritmos gen{\'e}ticos: princ{\'\i}pios e aplica{\c{c}}{\~o}es},
	author={Pacheco, Marco Aur{\'e}lio Cavalcanti},
	journal={ICA: Laborat{\'o}rio de Intelig{\^e}ncia Computacional Aplicada. Departamento de Engenharia El{\'e}trica. Pontif{\'\i}cia Universidade Cat{\'o}lica do Rio de Janeiro. Fonte desconhecida},
	year={1999}
}

@Article{pande:1998,
  author = "V. S. Pande and A. Y. Grosberg and T. Tanaka and D. S. Rokhsar",
  title =  "Protein Folding Pathways: Is a `new view' needed?",
  journal = "Current Opinion in Structural Biology",
  volume = "8",
  number = "1",
  year = "1998",
  pages = "68--79",
}

@book{pareto,
	title={Manuel d'{\'e}conomie politique},
	author={Baudrillart, Henri Joseph L{\'e}on},
	year={1872},
	publisher={Guillaumin et cie}
}

@inproceedings{soares2011investigating,
	title={Investigating relevant aspects of MOEAs for protein structures prediction},
	author={Soares Brasil, Christiane Regina and Botazzo Delbem, Alexandre Cl{\'a}udio and Ferraz Bonetti, Daniel Rodrigo},
	booktitle={Proceedings of the 13th annual conference on Genetic and evolutionary computation},
	pages={705--712},
	year={2011},
	organization={ACM}
}

@Article{onuchic:2004,
	author = " J. N. Onuchic and P. G. Wolynes",
	title =  "Theory of protein folding",
	journal = "Current Opinion in Structural Biology",
	volume = "14",
	year = "2004",
	pages = "70--75",
}

@inproceedings{zitzler1998multiobjective,
	title={Multiobjective optimization using evolutionary algorithms—a comparative case study},
	author={Zitzler, Eckart and Thiele, Lothar},
	booktitle={Parallel problem solving from nature—PPSN V},
	pages={292--301},
	year={1998},
	organization={Springer}
}

@article{zitzler2003performance,
	title={Performance assessment of multiobjective optimizers: an analysis and review},
	author={Zitzler, Eckart and Thiele, Lothar and Laumanns, Marco and Fonseca, Carlos M and Da Fonseca, Viviane Grunert},
	journal={Evolutionary Computation, IEEE Transactions on},
	volume={7},
	number={2},
	pages={117--132},
	year={2003},
	publisher={IEEE}
}

@inproceedings{zitzler2004indicator,
	title={Indicator-based selection in multiobjective search},
	author={Zitzler, Eckart and K{\"u}nzli, Simon},
	booktitle={Parallel Problem Solving from Nature-PPSN VIII},
	pages={832--842},
	year={2004},
	organization={Springer}
}

@inproceedings{zitzler2007hypervolume,
	title={The hypervolume indicator revisited: On the design of Pareto-compliant indicators via weighted integration},
	author={Zitzler, Eckart and Brockhoff, Dimo and Thiele, Lothar},
	booktitle={Evolutionary multi-criterion optimization},
	pages={862--876},
	year={2007},
	organization={Springer}
}